<?xml version="1.0" encoding="UTF-8"?><collection><record><leader>06214ntm a2200565 a 4500</leader><controlfield tag="001">006822259</controlfield><controlfield tag="003">MiAaHDL</controlfield><controlfield tag="005">20210124000000.0</controlfield><controlfield tag="006">m        d        </controlfield><controlfield tag="007">cr bn ---auaua</controlfield><controlfield tag="008">090623q17111712xx            00| ||ota d</controlfield><datafield tag="035" ind1=" " ind2=" "><subfield code="a">(MiU)006822259</subfield></datafield><datafield tag="035" ind1=" " ind2=" "><subfield code="a">sdr-miu006822259</subfield></datafield><datafield tag="040" ind1=" " ind2=" "><subfield code="a">MiU</subfield><subfield code="c">MiU</subfield><subfield code="e">amremm</subfield></datafield><datafield tag="041" ind1="0" ind2=" "><subfield code="a">ota</subfield><subfield code="a">per</subfield></datafield><datafield tag="043" ind1=" " ind2=" "><subfield code="a">n-us-mi</subfield></datafield><datafield tag="100" ind1="0" ind2=" "><subfield code="6">880-01</subfield><subfield code="a">Şahidî İbrahim Dede,</subfield><subfield code="d">1470-1550.</subfield></datafield><datafield tag="245" ind1="1" ind2="0"><subfield code="6">880-03</subfield><subfield code="a">[Tuhfe-yi Şâhidî,</subfield><subfield code="f">1123, i.e. 1711 or 1712].</subfield></datafield><datafield tag="260" ind1=" " ind2=" "><subfield code="c">[1711 or 1712].</subfield></datafield><datafield tag="300" ind1=" " ind2=" "><subfield code="a">48 leaves :</subfield><subfield code="b">paper ;</subfield><subfield code="c">270 x 165 (202 x 91) mm.</subfield></datafield><datafield tag="500" ind1=" " ind2=" "><subfield code="a">Shelfmark: Ann Arbor, University of Michigan, Special Collections Research Center, Isl. Ms. 399</subfield></datafield><datafield tag="500" ind1=" " ind2=" "><subfield code="a">Origin: As appears at the close in the margin of p.92, date of 1123 [1711 or 12] accompanying presentation statement to "the late" Damat İbrahim Paşa [perhaps the earlier but not Nevşehirli Damat İbrahim Paşa (d.1730) who was not even married to Fatma Sultan until 1717]. Paper, etc. are entirely consistent with an 18th century dating.</subfield></datafield><datafield tag="500" ind1=" " ind2=" "><subfield code="a">Former shelfmark: "428 T. De M. [i.e. Tammaro De Marinis]" inscribed in pencil on recto of front flyleaf (p.1) ; "122" inscribed in pencil on 'title page' (p.5).</subfield></datafield><datafield tag="500" ind1=" " ind2=" "><subfield code="a">Binding: Pasteboards (quite thin, semi-limp) covered in dark maroon leather ; Type III binding (without flap) ; doublures in marbled paper (in pink, yellow, blue) ; upper and lower covers carry gold-tooled border and accents ; sewn in pink thread, four stations ; only traces of endband primaries remain ; overall in fair condition with some abrasion, staining, lifting of spine leather, etc.</subfield></datafield><datafield tag="500" ind1=" " ind2=" "><subfield code="a">Support: European laid paper with 12 laid lines per cm. (horizontal), chain lines spaced 20-21 mm. apart (vertical) and assorted raisin watermarks including grapes under cartouche and crown (p.92, etc.), grapes alone (p.16, etc.) and cartouche alone, dark cream in color, fairly transluscent though sturdy, crisp, highly sized and burnished to glossy ; flyleaves in a different European laid paper with three hats watermark.</subfield></datafield><datafield tag="500" ind1=" " ind2=" "><subfield code="a">Decoration: Superb illuminated headpiece at opening on p.6 consisting of a scalloped w-shaped piece with floral vegetal decoration in pink, lavender, blue, red, and white on fields of gold, blue and green (turquoise), set in a well of red and white and surmounted by vertical stalks (tīgh) ; written area throughout surrounded by a gold frame ; margins and columns within also outlined by gold rules ; red discs accent the text ; whole passages of the gloss rubricated or chrysographed to set off the designs.</subfield></datafield><datafield tag="500" ind1=" " ind2=" "><subfield code="a">Script: Nastaʻlīq (talik) ; elegant hand ; serifless, with effect of words descending to baseline, closed counters, and elongated horizontal strokes ; fully vocalized.</subfield></datafield><datafield tag="500" ind1=" " ind2=" "><subfield code="a">Layout: Written in 7 lines per page ; written area divided to two columns ; frame-ruled ; marginalia in exquisite shapes, mainly floral, quite artistically arranged.</subfield></datafield><datafield tag="500" ind1=" " ind2=" "><subfield code="a">Collation: ii, 4 V(40), IV (48) ; quinions followed by a quaternion ; final four leaves left blank ; catchwords present ; pagination in pencil, Western numerals, supplied during digitization (includes inserts and flyleaves).</subfield></datafield><datafield tag="500" ind1=" " ind2=" "><subfield code="a">Explicit: "فاعلاتن فاعلاتن فاعلات بو كتابى اوكرن ايج اب وحيات شاهدى يه هر كيم ايلرسه دعا ايده محشرده شفاعت مصطفى"</subfield></datafield><datafield tag="500" ind1=" " ind2=" "><subfield code="a">Incipit: "بنام خالق وحي وتوانا قديم وقادر وبينا ودانا"</subfield></datafield><datafield tag="500" ind1=" " ind2=" "><subfield code="a">Title supplied by cataloguer.</subfield></datafield><datafield tag="500" ind1=" " ind2=" "><subfield code="a">Ms. codex.</subfield></datafield><datafield tag="510" ind1="4" ind2=" "><subfield code="a">Brit. Mus. Cat. Turkish MSS.,</subfield><subfield code="c">pp.139-141</subfield></datafield><datafield tag="520" ind1="8" ind2=" "><subfield code="a">Elegant copy of the well-known versified Persian-Turkish vocabulary of Şâhidî İbrahim Dede of Muğla (d.1550) with extensive marginal glosses in exquisite shapes.</subfield></datafield><datafield tag="538" ind1=" " ind2=" "><subfield code="a">Mode of access: Internet.</subfield></datafield><datafield tag="541" ind1=" " ind2=" "><subfield code="c">Purchase ;</subfield><subfield code="a">Acquired by purchase (funds donated by Horace Rackham).</subfield><subfield code="d">1924.</subfield></datafield><datafield tag="546" ind1=" " ind2=" "><subfield code="a">Ottoman Turkish and Persian.</subfield></datafield><datafield tag="561" ind1=" " ind2=" "><subfield code="a">Several former owners' marks on front flyleaf (p.1) and 'title page' (p.5) including statement dated 15 Dhū al-Qaʻdah [?] 1219 [ca. 15 February 1805] in name of Genç Mehmet Paşazade İbrahim (كنچ محمد پاشا زاده الحاج ابراهيم), a statment dated 3 Jumādá 1221 [ca. 19 July 1806], two illegible circular seal impressions, statement in name of Abdullah Ömer (عبد الله عمر), statement in name of one Ömer (عمر وكيل حارسى شهربادى), circular seal impression in name of Mehmet Şükrü (محمد شكرى) dated 1215 [1800 or 1801], two statements (p.1 and p.5) dated 16 Jumādá I 1249 [ca. 1 October 1833] in name of Naşit Efendi (ناشد افندى), statement (likely dated 1287 [1870 or 1] in name of Mustafa Reşit ( Muṣṭafá Rashīd / السيد مصطفى رشيد ) likely son of the grand vezir Mehmet Emin Âli Paşa (d.1871), compare statements (some dated 1286 [1870]) and seal impressions in other manuscripts, including Isl. Ms. 226 and Isl. Ms. 389, along with Isl. Ms. 308, Isl. Ms. 399 and Isl. Ms. 409 ; extensive marginal glosses, which through p.70 appear in a splendid layout of floral and geometric shapes (flowers in vases, cypress tree or sword, etc.) in red, black, blue and green inks. Presentation statement at close reads "داماد ابراهيم باشا مرحومه عرض اولنمشدر"</subfield></datafield><datafield tag="650" ind1=" " ind2="0"><subfield code="a">Manuscripts, Persian</subfield><subfield code="z">Michigan</subfield><subfield code="z">Ann Arbor.</subfield></datafield><datafield tag="650" ind1=" " ind2="0"><subfield code="a">Manuscripts, Turkish</subfield><subfield code="z">Michigan</subfield><subfield code="z">Ann Arbor.</subfield></datafield><datafield tag="650" ind1=" " ind2="0"><subfield code="a">Turkish poetry</subfield><subfield code="v">Early works to 1800.</subfield></datafield><datafield tag="650" ind1=" " ind2="0"><subfield code="a">Persian language</subfield><subfield code="v">Dictionaries</subfield><subfield code="x">Turkish</subfield><subfield code="v">Early works to 1800.</subfield></datafield><datafield tag="655" ind1=" " ind2="7"><subfield code="a">Headpieces (layout features)</subfield><subfield code="y">18th century.</subfield><subfield code="2">aat</subfield></datafield><datafield tag="700" ind1="0" ind2=" "><subfield code="a">Abdülhamid</subfield><subfield code="b">II,</subfield><subfield code="c">Sultan of the Turks,</subfield><subfield code="d">1842-1918,</subfield><subfield code="e">former owner.</subfield></datafield><datafield tag="700" ind1="0" ind2=" "><subfield code="6">880-07</subfield><subfield code="a">Mustafa Reşit,</subfield><subfield code="d">fl. 1870,</subfield><subfield code="e">former owner.</subfield></datafield><datafield tag="773" ind1="0" ind2=" "><subfield code="a">Abdul Hamid Collection.</subfield></datafield><datafield tag="880" ind1="0" ind2=" "><subfield code="6">700-07/</subfield><subfield code="a">مصطفى رشيد,</subfield><subfield code="e">مالك سابق.</subfield></datafield><datafield tag="880" ind1="1" ind2="0"><subfield code="6">245-03/</subfield><subfield code="a">[تحفۀ شاهدى,</subfield><subfield code="f">1123ه, 1711 او 1712م].</subfield></datafield><datafield tag="880" ind1="0" ind2=" "><subfield code="6">100-01/</subfield><subfield code="a">شاهدي ابراهيم دده.</subfield></datafield><datafield tag="CID" ind1=" " ind2=" "><subfield code="a">006822259</subfield></datafield><datafield tag="DAT" ind1="0" ind2=" "><subfield code="a">20210124040117.0</subfield><subfield code="b">20210124000000.0</subfield></datafield><datafield tag="DAT" ind1="1" ind2=" "><subfield code="a">20210124090503.0</subfield><subfield code="b">2021-01-24T17:15:04Z</subfield></datafield><datafield tag="DAT" ind1="2" ind2=" "><subfield code="a">2015-10-02T18:00:03Z</subfield></datafield><datafield tag="CAT" ind1=" " ind2=" "><subfield code="a">SDR-MIU</subfield><subfield code="d">EX LIBRIS - ALEPH</subfield><subfield code="l">prepare.pl-004-008</subfield></datafield><datafield tag="FMT" ind1=" " ind2=" "><subfield code="a">BK</subfield></datafield><datafield tag="HOL" ind1=" " ind2=" "><subfield code="0">sdr-miu006822259</subfield><subfield code="a">MiU</subfield><subfield code="b">SDR</subfield><subfield code="c">MIU</subfield><subfield code="p">mdp.39015079130665</subfield><subfield code="s">MIU</subfield><subfield code="1">006822259</subfield></datafield><datafield tag="974" ind1=" " ind2=" "><subfield code="b">MIU</subfield><subfield code="c">MIU</subfield><subfield code="d">20210124</subfield><subfield code="s">lit-dlps-dc</subfield><subfield code="u">mdp.39015079130665</subfield><subfield code="y">1712</subfield><subfield code="r">pd</subfield><subfield code="q">bib</subfield><subfield code="t">non-US bib date2 &lt; 1896</subfield></datafield></record></collection>